@misc{Wiki_Wasm,
  author       = {Wikipedia},
  title        = {WebAssembly},
  month        = May,
  year         = 2019
}
@manual{wasm1,
  title        = {WebAssembly Specification},
  organization = {WebAssembly Working Group},
  edition      = 1,
  month        = 4,
  year         = 2019,
  note         = {https://webassembly.github.io/spec/core/bikeshed/index.html}
}
@manual{wasm2,
  title        = {WebAssembly Proposals},
  organization = {WebAssembly Working Group},
  edition      = 37,
  month        = 5,
  year         = 2019,
  note         = {https://github.com/WebAssembly/proposals}
}
@manual{wasm_wg,
  title        = {WebAssembly Working Group},
  organization = {W3C},
  edition      = 1,
  month        = 8,
  year         = 2017,
  note         = {https://www.w3.org/2017/08/wasm-charter}
}
@manual{wasm_cg,
  title        = {WebAssembly Community Group},
  organization = {W3C},
  edition      = 37,
  month        = 5,
  year         = 2019,
  note         = {https://webassembly.github.io/cg-charter/}
}
@manual{wasm_asm,
  title        = {Why WebAssembly is faster than asm.js},
  organization = {Mozilla Corp and Mozilla Foundation},
  author       = {Alon Zakai},
  edition      = 1,
  month        = 3,
  year         = 2017,
  note         = {https://hacks.mozilla.org/2017/03/why-webassembly-is-faster-than-asm-js/}
}
@misc{Wiki_Applet,
  author       = {Wikipedia}, 
  title        = {Java Applet},
  month        = January,
  year         = 2019,
  note         = {Wikipedia page}
}
@misc{Wiki_Silver,
  author       = {Wikipedia}, 
  title        = {Microsoft Silverlight},
  month        = January,
  year         = 2019,
  note         = {Wikipedia page}
}
@misc{Wiki_Flash,
  author       = {Wikipedia}, 
  title        = {Adobe Flash},
  month        = January,
  year         = 2019,
  note         = {Wikipedia page}
}
@manual{asm17,
  title        = {What is asm.js, exactly?},
  organization = {MDN},
  month        = 7,
  year         = 2018,
  note         = {The Mozilla Developer Network article}
}